@misc{git-location,
    author= {Github Repository},
    howpublished=
    {\url{https://github.com/MalaySheth/SOEN-6611-METRICSTICS}}
}

@misc{mean-absolute-error,
    author= {Wikipedia},
    title= {Mean absolute error},
    howpublished=
    {\url{https://en.wikipedia.org/wiki/Mean_absolute_error}}
}

@misc{customer-satisfaction-score,
    author= {Retently},
    title= {Customer Satisfaction Score (CSAT)},
    howpublished=
    {\url{https://www.retently.com/blog/customer-satisfaction-metrics/}}
}

@misc{risk-severity,
    author= {Eclipse Suite},
    title= {Risk Severity},
    howpublished=
    {\url{https://www.eclipsesuite.com/risk-severity/}}
}

@misc{compliance-audit,
    author= {Kasiddy Kelly},
    title= {Compliance audit},
    howpublished=
    {\url{https://www.techtarget.com/searchcio/definition/compliance-audit}}
}

@misc{task-completion,
    author= {Maxwell Matson},
    title= {Task Completion Rate},
    howpublished=
    {\url{https://www.playerzero.ai/advanced/kpi-guides/how-to-calculate-task-completion-rate}}
}

@misc{user-usability,
    author= {Justin Mifsud},
    title= {Usability Metrics for Satisfaction},
    howpublished=
    {\url{https://usabilitygeek.com/usability-metrics-a-guide-to-quantify-system-usability/}}
}

@misc{use-case-diagram,
    author= {Visual Paradigm},
    title= {Use Case Diagram at a Glance},
    howpublished=
    {\url{https://www.visual-paradigm.com/guide/uml-unified-modeling-language/what-is-use-case-diagram/}}
}

@misc{smart-principle,
    author= {Pankaj Kamthan},
    title= {The quality of goals in the gqm approach},
    howpublished=
    {\url{https://users.encs.concordia.ca/~kamthan/courses/soen-6611/}}
}